@article{chen2020rank,
  title={Rank dynamics for functional data},
  author={Chen, Yaqing and Dawson, Matthew and M{\"u}ller, Hans-Georg},
  journal={Computational Statistics \& Data Analysis},
  pages={106963},
  year={2020},
  publisher={Elsevier}
}

@article{ToT,
  title={Quantifying the Trendiness of Trends},
  author={Jensen, Andreas Kryger and Ekstr{\o}m, Claus Thorn},
  journal={Journal of the Royal Statistical Society: Series C},
  year={2020},
  publisher={Wiley}
}

@electronic{ToTgithub,
	Author = {Jensen, Andreas Kryger and Ekstr{\o}m, Claus Thorn},
	Title = {GitHub Repository for The Trendiness of Trends},
	Url = {https://github.com/aejensen/TrendinessOfTrends},
	Year = {2019}
}

@electronic{HavingABall,
	Author = {Jensen, Andreas Kryger and Ekstr{\o}m, Claus Thorn},
	Title = {GitHub Repository for Having a Ball},
	Url = {https://github.com/aejensen/Having-a-Ball},
	Year = {2020}
}

@electronic{BBreference,
	Author = {{Sports Reference LLC}},
	Title = {Basketball Reference},
	Url = {https://www.basketball-reference.com/},
	Year = {2020}
}

@article{carpenter2017stan,
	Author = {Carpenter, Bob and Gelman, Andrew and Hoffman, Matthew D and Lee, Daniel and Goodrich, Ben and Betancourt, Michael and Brubaker, Marcus and Guo, Jiqiang and Li, Peter and Riddell, Allen},
	Journal = {Journal of statistical software},
	Number = {1},
	Title = {Stan: A probabilistic programming language},
	Volume = {76},
	Year = {2017}
}

@article{gelman1992inference,
	Author = {Andrew Gelman and Donald B. Rubin},
	Journal = {Statistical science},
	Number = {4},
	Pages = {457--472},
	Title = {Inference from iterative simulation using multiple sequences},
	Volume = {7},
	Year = {1992}
}
	
@article{chen2018functional,
  title={A functional data approach to model score difference process in professional basketball games},
  author={Chen, Tao and Fan, Qingliang},
  journal={Journal of Applied Statistics},
  volume={45},
  number={1},
  pages={112--127},
  year={2018},
  publisher={Taylor \& Francis}
}
